@article{perlin1985image,
  title={An image synthesizer},
  author={Perlin, Ken},
  journal={ACM Siggraph Computer Graphics},
  volume={19},
  number={3},
  pages={287--296},
  year={1985}
}

@inproceedings{peachey1985solid,
  title={Solid texturing of complex surfaces},
  author={Peachey, Darwyn R},
  booktitle={ACM SIGGRAPH Computer Graphics},
  volume={19},
  number={3},
  pages={279--286},
  year={1985},
  organization={ACM}
}

@article{lewis1987generalized,
  title={Generalized stochastic subdivision},
  author={Lewis, John P},
  journal={ACM Transactions on Graphics (TOG)},
  volume={6},
  number={3},
  pages={167--190},
  year={1987},
  publisher={ACM}
}

@inproceedings{lewis1989algorithms,
  title={Algorithms for solid noise synthesis},
  author={Lewis, John-Peter},
  booktitle={ACM SIGGRAPH Computer Graphics},
  volume={23},
  number={3},
  pages={263--270},
  year={1989},
  organization={ACM}
}

@article{van1991spot,
  title={Spot noise texture synthesis for data visualization},
  author={Van Wijk, Jarke J},
  journal={ACM Siggraph Computer Graphics},
  volume={25},
  number={4},
  pages={309--318},
  year={1991},
  publisher={ACM}
}

@inproceedings{fleischer1995cellular,
  title={Cellular texture generation},
  author={Fleischer, Kurt W and Laidlaw, David H and Currin, Bena L and Barr, Alan H},
  booktitle={Proceedings of the 22nd annual conference on Computer graphics and interactive techniques},
  pages={239--248},
  year={1995},
  organization={ACM}
}

@article{ghazanfarpour1995spectral,
  title={Spectral analysis for automatic 3-d texture generation},
  author={Ghazanfarpour, Djamchid and Dischler, Jean-Michel},
  journal={Computers \& Graphics},
  volume={19},
  number={3},
  pages={413--422},
  year={1995},
  publisher={Elsevier}
}

@inproceedings{heeger1995pyramid,
  title={Pyramid-based texture analysis/synthesis},
  author={Heeger, David J and Bergen, James R},
  booktitle={Proceedings of the 22nd annual conference on Computer graphics and interactive techniques},
  pages={229--238},
  year={1995},
  organization={ACM}
}

@article{paget1995texture,
  title={Texture synthesis via a non-parametric Markov random Field},
  author={Paget, Rupert and Longstaff, Dennis},
  journal={Proceedings of DICTA-95, Digital Image Computing: Techniques and Applications},
  volume={1},
  pages={547--552},
  year={1995}
}

@inproceedings{ghazanfarpour1996generation,
  title={Generation of 3D texture using multiple 2D models analysis},
  author={Ghazanfarpour, Djamchid and DISCHLER, Jean-Michel},
  booktitle={Computer Graphics Forum},
  volume={15},
  number={3},
  pages={311--323},
  year={1996},
  organization={Wiley Online Library}
}

@inproceedings{worley1996cellular,
  title={A cellular texture basis function},
  author={Worley, Steven},
  booktitle={Proceedings of the 23rd annual conference on Computer graphics and interactive techniques},
  pages={291--294},
  year={1996},
  organization={ACM}
}

@inproceedings{dischler1997procedural,
  title={A procedural description of geometric textures by spectral and spatial analysis of profiles},
  author={Dischler, J-M and Ghazanfarpour, Djamchid},
  booktitle={Computer Graphics Forum},
  volume={16},
  number={3},
  year={1997},
  organization={Wiley Online Library}
}

@inproceedings{dischler1998anisotropic,
  title={Anisotropic solid texture synthesis using orthogonal 2D views},
  author={Dischler, Jean-Michel and Ghazanfarpour, Djamchid and Freydier, R},
  booktitle={Computer Graphics Forum},
  volume={17},
  number={3},
  pages={87--95},
  year={1998},
  organization={Wiley Online Library}
}

@inproceedings{efros1999texture,
  title={Texture synthesis by non-parametric sampling},
  author={Efros, Alexei A and Leung, Thomas K},
  booktitle={Computer Vision, 1999. The Proceedings of the Seventh IEEE International Conference on},
  volume={2},
  pages={1033--1038},
  year={1999},
  organization={IEEE}
}

@inproceedings{praun2000lapped,
  title={Lapped textures},
  author={Praun, Emil and Finkelstein, Adam and Hoppe, Hugues},
  booktitle={Proceedings of the 27th annual conference on Computer graphics and interactive techniques},
  pages={465--470},
  year={2000},
  organization={ACM Press/Addison-Wesley Publishing Co.}
}

@inproceedings{wei2000fast,
  title={Fast texture synthesis using tree-structured vector quantization},
  author={Wei, Li-Yi and Levoy, Marc},
  booktitle={Proceedings of the 27th annual conference on Computer graphics and interactive techniques},
  pages={479--488},
  year={2000},
  organization={ACM Press/Addison-Wesley Publishing Co.}
}

@inproceedings{ashikhmin2001synthesizing,
  title={Synthesizing natural textures},
  author={Ashikhmin, Michael},
  booktitle={Proceedings of the 2001 symposium on Interactive 3D graphics},
  pages={217--226},
  year={2001},
  organization={ACM}
}

@article{dischler2001survey,
  title={A survey of 3D texturing},
  author={Dischler, Jean-Michel and Ghazanfarpour, Djamchid},
  journal={Computers \& Graphics},
  volume={25},
  number={1},
  pages={135--151},
  year={2001},
  publisher={Elsevier}
}

@inproceedings{efros2001image,
  title={Image quilting for texture synthesis and transfer},
  author={Efros, Alexei A and Freeman, William T},
  booktitle={Proceedings of the 28th annual conference on Computer graphics and interactive techniques},
  pages={341--346},
  year={2001},
  organization={ACM}
}

@inproceedings{hertzmann2001image,
  title={Image analogies},
  author={Hertzmann, Aaron and Jacobs, Charles E and Oliver, Nuria and Curless, Brian and Salesin, David H},
  booktitle={Proceedings of the 28th annual conference on Computer graphics and interactive techniques},
  pages={327--340},
  year={2001},
  organization={ACM}
}

@inproceedings{legakis2001feature,
  title={Feature-based cellular texturing for architectural models},
  author={Legakis, Justin and Dorsey, Julie and Gortler, Steven},
  booktitle={Proceedings of the 28th annual conference on Computer graphics and interactive techniques},
  pages={309--316},
  year={2001},
  organization={ACM}
}

@article{leung2001representing,
  title={Representing and recognizing the visual appearance of materials using three-dimensional textons},
  author={Leung, Thomas and Malik, Jitendra},
  journal={International journal of computer vision},
  volume={43},
  number={1},
  pages={29--44},
  year={2001},
  publisher={Springer}
}

@article{liang2001real,
  title={Real-time texture synthesis by patch-based sampling},
  author={Liang, Lin and Liu, Ce and Xu, Ying-Qing and Guo, Baining and Shum, Heung-Yeung},
  journal={ACM Transactions on Graphics (ToG)},
  volume={20},
  number={3},
  pages={127--150},
  year={2001},
  publisher={ACM}
}

@inproceedings{turk2001texture,
  title={Texture synthesis on surfaces},
  author={Turk, Greg},
  booktitle={Proceedings of the 28th annual conference on Computer graphics and interactive techniques},
  pages={347--354},
  year={2001},
  organization={ACM}
}

@inproceedings{wei2001texture,
  title={Texture synthesis over arbitrary manifold surfaces},
  author={Wei, Li-Yi and Levoy, Marc},
  booktitle={Proceedings of the 28th annual conference on Computer graphics and interactive techniques},
  pages={355--360},
  year={2001},
  organization={ACM}
}

@inproceedings{dischler2002texture,
	title={Texture particles},
	author={Dischler, J-M and Maritaud, Karl and L{\'e}vy, Bruno and Ghazanfarpour, Djamchid},
	booktitle={Computer Graphics Forum},
	volume={21},
	number={3},
	pages={401--410},
	year={2002},
	organization={Wiley Online Library}
}

@article{olano2002real,
  title={Real-time shading languages},
  author={Olano, Mark and Hart, JC and Heidrich, W and Mark, B and Perlin, K},
  journal={Course Notes. ACM SIGGRAPH},
  volume={99},
  year={2002}
}

@inproceedings{perlin2002improving,
  title={Improving noise},
  author={Perlin, Ken},
  booktitle={ACM Transactions on Graphics (TOG)},
  volume={21},
  number={3},
  pages={681--682},
  year={2002},
  organization={ACM}
}

@inproceedings{soler2002hierarchical,
  title={Hierarchical pattern mapping},
  author={Soler, Cyril and Cani, Marie-Paule and Angelidis, Alexis},
  booktitle={ACM Transactions on Graphics (TOG)},
  volume={21},
  number={3},
  pages={673--680},
  year={2002},
  organization={ACM}
}

@inproceedings{tong2002synthesis,
  title={Synthesis of bidirectional texture functions on arbitrary surfaces},
  author={Tong, Xin and Zhang, Jingdan and Liu, Ligang and Wang, Xi and Guo, Baining and Shum, Heung-Yeung},
  booktitle={ACM Transactions on Graphics (TOG)},
  volume={21},
  number={3},
  pages={665--672},
  year={2002},
  organization={ACM}
}

@article{doretto2003dynamic,
  title={Dynamic textures},
  author={Doretto, Gianfranco and Chiuso, Alessandro and Wu, Ying Nian and Soatto, Stefano},
  journal={International Journal of Computer Vision},
  volume={51},
  number={2},
  pages={91--109},
  year={2003},
  publisher={Springer}
}

@book{ebert2003texturing,
  title={Texturing \& modeling: a procedural approach},
  author={Ebert, David S},
  year={2003},
  publisher={Morgan Kaufmann}
}

@article{hobolth2003spherical,
  title={The spherical deformation model},
  author={Hobolth, Asger},
  journal={Biostatistics},
  volume={4},
  number={4},
  pages={583--595},
  year={2003},
  publisher={Biometrika Trust}
}

@inproceedings{kwatra2003graphcut,
  title={Graphcut textures: image and video synthesis using graph cuts},
  author={Kwatra, Vivek and Sch{\"o}dl, Arno and Essa, Irfan and Turk, Greg and Bobick, Aaron},
  booktitle={ACM Transactions on Graphics (ToG)},
  volume={22},
  number={3},
  pages={277--286},
  year={2003},
  organization={ACM}
}

@book{nealen2003hybrid,
  title={Hybrid texture synthesis},
  author={Nealen, Andrew and Alexa, Marc},
  year={2003},
  publisher={Techn. Univ., Fachbereich Informatik, Fachgebiet Graphisch-Interaktive Systeme}
}

@inproceedings{wei2003texture,
	title={Texture synthesis from multiple sources},
	author={Wei, Li-Yi},
	booktitle={ACM Siggraph 2003 Sketches \& Applications},
	pages={1--1},
	year={2003},
	organization={ACM}
}

@inproceedings{zhang2003synthesis,
  title={Synthesis of progressively-variant textures on arbitrary surfaces},
  author={Zhang, Jingdan and Zhou, Kun and Velho, Luiz and Guo, Baining and Shum, Heung-Yeung},
  booktitle={ACM Transactions on Graphics (TOG)},
  volume={22},
  number={3},
  pages={295--302},
  year={2003},
  organization={ACM}
}

@inproceedings{bhat2004geometric,
  title={Geometric texture synthesis by example},
  author={Bhat, Pravin and Ingram, Stephen and Turk, Greg},
  booktitle={Proceedings of the 2004 Eurographics/ACM SIGGRAPH symposium on Geometry processing},
  pages={41--44},
  year={2004},
  organization={ACM}
}

@inproceedings{bourque2004procedural,
  title={Procedural texture matching and transformation},
  author={Bourque, Eric and Dudek, Gregory},
  booktitle={Computer Graphics Forum},
  volume={23},
  number={3},
  pages={461--468},
  year={2004},
  organization={Wiley Online Library}
}

@inproceedings{chen2004shell,
  title={Shell texture functions},
  author={Chen, Yanyun and Tong, Xin and Wang, Jiaping and Lin, Stephen and Guo, Baining and Shum, Heung-Yeung},
  booktitle={ACM Transactions on Graphics (TOG)},
  volume={23},
  number={3},
  pages={343--353},
  year={2004},
  organization={ACM}
}

@article{jagnow2004stereological,
  title={Stereological techniques for solid textures},
  author={Jagnow, Robert and Dorsey, Julie and Rushmeier, Holly},
  journal={ACM Transactions on Graphics (TOG)},
  volume={23},
  number={3},
  pages={329--335},
  year={2004},
  publisher={ACM}
}

@inproceedings{wu2004feature,
  title={Feature matching and deformation for texture synthesis},
  author={Wu, Qing and Yu, Yizhou},
  booktitle={ACM Transactions on Graphics (TOG)},
  volume={23},
  number={3},
  pages={364--367},
  year={2004},
  organization={ACM}
}

@article{zelinka2004jump,
  title={Jump map-based interactive texture synthesis},
  author={Zelinka, Steve and Garland, Michael},
  journal={ACM Transactions on Graphics (TOG)},
  volume={23},
  number={4},
  pages={930--962},
  year={2004},
  publisher={ACM}
}

@article{cook2005wavelet,
  title={Wavelet noise},
  author={Cook, Robert L and DeRose, Tony},
  journal={ACM Transactions on Graphics (TOG)},
  volume={24},
  number={3},
  pages={803--811},
  year={2005},
  publisher={ACM}
}

@inproceedings{fu2005texture,
  title={Texture tiling on arbitrary topological surfaces using Wang tiles},
  author={Fu, Chi-Wing and Leung, Man-Kang},
  booktitle={Proceedings of the Sixteenth Eurographics conference on Rendering Techniques},
  pages={99--104},
  year={2005},
  organization={Eurographics Association}
}

@inproceedings{ijiri2005floral,
  title={Floral diagrams and inflorescences: interactive flower modeling using botanical structural constraints},
  author={Ijiri, Takashi and Owada, Shigeru and Okabe, Makoto and Igarashi, Takeo},
  booktitle={ACM Transactions on Graphics (TOG)},
  volume={24},
  number={3},
  pages={720--726},
  year={2005},
  organization={ACM}
}

@inproceedings{kwatra2005texture,
  title={Texture optimization for example-based synthesis},
  author={Kwatra, Vivek and Essa, Irfan and Bobick, Aaron and Kwatra, Nipun},
  booktitle={ACM Transactions on Graphics (TOG)},
  volume={24},
  number={3},
  pages={795--802},
  year={2005},
  organization={ACM}
}

@inproceedings{lefebvre2005parallel,
  title={Parallel controllable texture synthesis},
  author={Lefebvre, Sylvain and Hoppe, Hugues},
  booktitle={ACM Transactions on Graphics (ToG)},
  volume={24},
  number={3},
  pages={777--786},
  year={2005},
  organization={ACM}
}

@article{matusik2005texture,
  title={Texture design using a simplicial complex of morphable textures},
  author={Matusik, Wojciech and Zwicker, Matthias and Durand, Fr{\'e}do},
  journal={ACM Transactions on Graphics (TOG)},
  volume={24},
  number={3},
  pages={787--794},
  year={2005},
  publisher={ACM}
}

@inproceedings{runions2005modeling,
  title={Modeling and visualization of leaf venation patterns},
  author={Runions, Adam and Fuhrer, Martin and Lane, Brendan and Federl, Pavol and Rolland-Lagan, Anne-Ga{\"e}lle and Prusinkiewicz, Przemyslaw},
  booktitle={ACM Transactions on Graphics (TOG)},
  volume={24},
  number={3},
  pages={702--711},
  year={2005},
  organization={ACM}
}

@inproceedings{bargteil2006texture,
  title={A texture synthesis method for liquid animations},
  author={Bargteil, Adam W and Sin, Funshing and Michaels, Jonathan E and Goktekin, Tolga G and O'Brien, James F},
  booktitle={Proceedings of the 2006 ACM SIGGRAPH/Eurographics symposium on Computer animation},
  pages={345--351},
  year={2006},
  organization={Eurographics Association}
}

@inproceedings{barla2006stroke,
  title={Stroke pattern analysis and synthesis},
  author={Barla, Pascal and Breslav, Simon and Thollot, Jo{\"e}lle and Sillion, Fran{\c{c}}ois and Markosian, Lee},
  booktitle={Computer Graphics Forum},
  volume={25},
  number={3},
  pages={663--671},
  year={2006},
  organization={Wiley Online Library}
}

@inproceedings{lefebvre2006appearance,
  title={Appearance-space texture synthesis},
  author={Lefebvre, Sylvain and Hoppe, Hugues},
  booktitle={ACM Transactions on Graphics (TOG)},
  volume={25},
  number={3},
  pages={541--548},
  year={2006},
  organization={ACM}
}

@inproceedings{zhou2006mesh,
  title={Mesh quilting for geometric texture synthesis},
  author={Zhou, Kun and Huang, Xin and Wang, Xi and Tong, Yiying and Desbrun, Mathieu and Guo, Baining and Shum, Heung-Yeung},
  booktitle={ACM Transactions on Graphics (TOG)},
  volume={25},
  number={3},
  pages={690--697},
  year={2006},
  organization={ACM}
}

@article{chainais2007infinitely,
  title={Infinitely divisible cascades to model the statistics of natural images},
  author={Chainais, Pierre},
  journal={IEEE Transactions on Pattern Analysis and Machine Intelligence},
  volume={29},
  number={12},
  pages={2105--2119},
  year={2007},
  publisher={IEEE}
}

@article{kopf2007solid,
  title={Solid texture synthesis from 2d exemplars},
  author={Kopf, Johannes and Fu, Chi-Wing and Cohen-Or, Daniel and Deussen, Oliver and Lischinski, Dani and Wong, Tien-Tsin},
  journal={ACM Transactions on Graphics (TOG)},
  volume={26},
  number={3},
  pages={2},
  year={2007},
  publisher={ACM}
}

@article{kwatra2007texturing,
  title={Texturing fluids},
  author={Kwatra, Vivek and Adalsteinsson, David and Kim, Theodore and Kwatra, Nipun and Carlson, Mark and Lin, Ming C},
  journal={Visualization and Computer Graphics, IEEE Transactions on},
  volume={13},
  number={5},
  pages={939--952},
  year={2007},
  publisher={IEEE}
}

@inproceedings{narain2007feature,
  title={Feature-guided dynamic texture synthesis on continuous flows},
  author={Narain, Rahul and Kwatra, Vivek and Lee, Huai-Ping and Kim, Theodore and Carlson, Mark and Lin, Ming C},
  booktitle={Proceedings of the 18th Eurographics conference on Rendering Techniques},
  pages={361--370},
  year={2007},
  organization={Eurographics Association}
}

@article{qin2007aura,
  title={Aura 3D textures},
  author={Qin, Xuejie and Yang, Yee-Hong},
  journal={Visualization and Computer Graphics, IEEE Transactions on},
  volume={13},
  number={2},
  pages={379--389},
  year={2007},
  publisher={IEEE}
}

@inproceedings{pietroni2007texturing,
  title={Texturing internal surfaces from a few cross sections},
  author={Pietroni, Nico and Otaduy, Miguel A and Bickel, Bernd and Ganovelli, Fabio and Gross, Markus},
  booktitle={Computer Graphics Forum},
  volume={26},
  number={3},
  pages={637--644},
  year={2007},
  organization={Wiley Online Library}
}

@inproceedings{zhou2007modeling,
  title={Modeling and visualization of flower color patterns},
  author={Zhou, Ning and Wang, Jiaxin and Dong, Weiming and Paul, J-C},
  booktitle={Computer-Aided Design and Computer Graphics, 2007 10th IEEE International Conference on},
  pages={150--155},
  year={2007},
  organization={IEEE}
}

@inproceedings{aliaga2008interactive,
  title={Interactive example-based urban layout synthesis},
  author={Aliaga, Daniel G and Vanegas, Carlos A and Bene{\v{s}}, Bed{\v{r}}ich},
  booktitle={ACM transactions on graphics (TOG)},
  volume={27},
  number={5},
  pages={160},
  year={2008},
  organization={ACM}
}

@inproceedings{dong2008lazy,
  title={Lazy solid texture synthesis},
  author={Dong, Yue and Lefebvre, Sylvain and Tong, Xin and Drettakis, George},
  booktitle={Computer Graphics Forum},
  volume={27},
  number={4},
  pages={1165--1174},
  year={2008},
  organization={Wiley Online Library}
}

@article{goldberg2008anisotropic,
  title={Anisotropic noise},
  author={Goldberg, Alexander and Zwicker, Matthias and Durand, Fr{\'e}do},
  journal={ACM Transactions on Graphics (TOG)},
  volume={27},
  number={3},
  pages={54},
  year={2008},
  publisher={ACM}
}

@inproceedings{ijiri2008example,
  title={An Example-based Procedural System for Element Arrangement},
  author={Ijiri, Takashi and Mech, Radom{\'\i}r and Igarashi, Takeo and Miller, Gavin},
  booktitle={Computer Graphics Forum},
  volume={27},
  number={2},
  pages={429--436},
  year={2008},
  organization={Wiley Online Library}
}

@inproceedings{ijiri2008surface,
  title={Surface-based growth simulation for opening flowers},
  author={Ijiri, Takashi and Yokoo, Mihoshi and Kawabata, Saneyuki and Igarashi, Takeo},
  booktitle={Proceedings of Graphics Interface 2008},
  pages={227--234},
  year={2008},
  organization={Canadian Information Processing Society}
}

@article{jagnow2008evaluation,
  title={Evaluation of methods for approximating shapes used to synthesize 3d solid textures},
  author={Jagnow, Robert and Dorsey, Julie and Rushmeier, Holly},
  journal={ACM Transactions on Applied Perception (TAP)},
  volume={4},
  number={4},
  pages={5},
  year={2008},
  publisher={ACM}
}

@article{takayama2008lapped,
  title={Lapped solid textures: filling a model with anisotropic textures},
  author={Takayama, Kenshi and Okabe, Makoto and Ijiri, Takashi and Igarashi, Takeo},
  journal={ACM Transactions on Graphics (TOG)},
  volume={27},
  number={3},
  pages={53},
  year={2008},
  publisher={ACM}
}

@article{tan2008single,
  title={Single image tree modeling},
  author={Tan, Ping and Fang, Tian and Xiao, Jianxiong and Zhao, Peng and Quan, Long},
  journal={ACM Transactions on Graphics (TOG)},
  volume={27},
  number={5},
  pages={108},
  year={2008},
  publisher={ACM}
}

@inproceedings{hurtut2009appearance,
	title={Appearance-guided synthesis of element arrangements by example},
	author={Hurtut, Thomas and Landes, P-E and Thollot, Jo{\"e}lle and Gousseau, Yann and Drouillhet, Remy and Coeurjolly, J-F},
	booktitle={Proceedings of the 7th International Symposium on Non-photorealistic Animation and Rendering},
	pages={51--60},
	year={2009},
	organization={ACM}
}

@inproceedings{kaplan2009semiregular,
  title={Semiregular patterns on surfaces},
  author={Kaplan, Craig S},
  booktitle={Proceedings of the 7th International Symposium on Non-Photorealistic Animation and Rendering},
  pages={35--39},
  year={2009},
  organization={ACM}
}

@inproceedings{lagae2009procedural,
  title={Procedural noise using sparse Gabor convolution},
  author={Lagae, Ares and Lefebvre, Sylvain and Drettakis, George and Dutr{\'e}, Philip},
  booktitle={ACM Transactions on Graphics (TOG)},
  volume={28},
  number={3},
  pages={54},
  year={2009},
  organization={ACM}
}

@inproceedings{palubicki2009self,
  title={Self-organizing tree models for image synthesis},
  author={Palubicki, Wojciech and Horel, Kipp and Longay, Steven and Runions, Adam and Lane, Brendan and M{\v{e}}ch, Radom{\'\i}r and Prusinkiewicz, Przemyslaw},
  booktitle={ACM Transactions on Graphics (TOG)},
  volume={28},
  number={3},
  pages={58},
  year={2009},
  organization={ACM}
}

@article{rosenberger2009layered,
  title={Layered shape synthesis: automatic generation of control maps for non-stationary textures},
  author={Rosenberger, Amir and Cohen-Or, Daniel and Lischinski, Dani},
  journal={ACM Transactions on Graphics (TOG)},
  volume={28},
  number={5},
  pages={107},
  year={2009},
  publisher={ACM}
}

@inproceedings{wei2009state,
  title={State of the art in example-based texture synthesis},
  author={Wei, Li-Yi and Lefebvre, Sylvain and Kwatra, Vivek and Turk, Greg},
  booktitle={Eurographics 2009, State of the Art Report, EG-STAR},
  pages={93--117},
  year={2009},
  organization={Eurographics Association}
}

@article{xu2009feature,
  title={Feature-aligned shape texturing},
  author={Xu, Kai and Cohen-Or, Daniel and Ju, Tao and Liu, Ligang and Zhang, Hao and Zhou, Shizhe and Xiong, Yueshan},
  journal={ACM Transactions on Graphics (TOG)},
  volume={28},
  number={5},
  pages={108},
  year={2009},
  publisher={ACM}
}

@article{chen2010high,
  title={High quality solid texture synthesis using position and index histogram matching},
  author={Chen, Jiating and Wang, Bin},
  journal={The Visual Computer},
  volume={26},
  number={4},
  pages={253--262},
  year={2010},
  publisher={Springer}
}

@inproceedings{gilet2010procedural,
  title={Procedural descriptions of anisotropic noisy textures by example},
  author={Gilet, Guillaume and Dischler, Jean-Michel and Soler, Luc},
  booktitle={Eurographics 2010-Short Papers},
  pages={77--80},
  year={2010},
  organization={The Eurographics Association}
}

@article{lagae2010procedural,
  title={Procedural isotropic stochastic textures by example},
  author={Lagae, Ares and Vangorp, Peter and Lenaerts, Toon and Dutr{\'e}, Philip},
  journal={Computers \& Graphics},
  volume={34},
  number={4},
  pages={312--321},
  year={2010},
  publisher={Elsevier}
}

@inproceedings{lagae2010survey,
  title={A survey of procedural noise functions},
  author={Lagae, Ares and Lefebvre, Sylvain and Cook, Rob and DeRose, Tony and Drettakis, George and Ebert, David S and Lewis, JP and Perlin, Ken and Zwicker, Matthias},
  booktitle={Computer Graphics Forum},
  volume={29},
  number={8},
  pages={2579--2600},
  year={2010},
  organization={Wiley Online Library}
}

@article{pietroni2010solid,
  title={Solid-texture synthesis: a survey},
  author={Pietroni, Nico and Cignoni, Paolo and Otaduy, Miguel A and Scopigno, Roberto},
  journal={Computer Graphics and Applications, IEEE},
  volume={30},
  number={4},
  pages={74--89},
  year={2010},
  publisher={IEEE}
}

@article{peyre2010texture,
  title={Texture synthesis with grouplets},
  author={Peyr{\'e}, Gabriel},
  journal={Pattern Analysis and Machine Intelligence, IEEE Transactions on},
  volume={32},
  number={4},
  pages={733--746},
  year={2010},
  publisher={IEEE}
}

@inproceedings{risser2010synthesizing,
  title={Synthesizing structured image hybrids},
  author={Risser, Eric and Han, Charles and Dahyot, Rozenn and Grinspun, Eitan},
  booktitle={ACM Transactions on Graphics (TOG)},
  volume={29},
  number={4},
  pages={85},
  year={2010},
  organization={ACM}
}

@inproceedings{ruiters2010patch,
  title={Patch-based Texture Interpolation},
  author={Ruiters, Roland and Schnabel, Ruwen and Klein, Reinhard},
  booktitle={Computer Graphics Forum},
  volume={29},
  number={4},
  pages={1421--1429},
  year={2010},
  organization={Wiley Online Library}
}

@article{takayama2010volumetric,
	title={Volumetric modeling with diffusion surfaces},
	author={Takayama, Kenshi and Sorkine, Olga and Nealen, Andrew and Igarashi, Takeo},
	journal={ACM Transactions on Graphics (TOG)},
	volume={29},
	number={6},
	pages={180},
	year={2010},
	publisher={ACM}
}

@article{wang2010vector,
  title={Vector solid textures},
  author={Wang, Lvdi and Zhou, Kun and Yu, Yizhou and Guo, Baining},
  journal={ACM Transactions on Graphics (TOG)},
  volume={29},
  number={4},
  pages={86},
  year={2010},
  publisher={ACM}
}

@inproceedings{binsfeld2011visual,
  title={Visual patterns in the plant kingdom},
  author={Binsfeld, Ricardo and Gamboa, John and Walter, Marcelo},
  booktitle={Graphics, Patterns and Images (Sibgrapi), 2011 24th SIBGRAPI Conference on},
  pages={86--92},
  year={2011},
  organization={IEEE}
}

@article{galerne2011random,
  title={Random phase textures: Theory and synthesis},
  author={Galerne, Bruno and Gousseau, Yann and Morel, Jean-Michel},
  journal={IEEE Transactions on image processing},
  volume={20},
  number={1},
  pages={257--267},
  year={2011},
  publisher={IEEE}
}

@inproceedings{lagae2011filtering,
  title={Filtering solid Gabor noise},
  author={Lagae, Ares and Drettakis, George},
  booktitle={ACM Transactions on Graphics (TOG)},
  volume={30},
  number={4},
  pages={51},
  year={2011},
  organization={ACM}
}

@article{lagae2011improving,
  title={Improving gabor noise},
  author={Lagae, Ares and Lefebvre, Sylvain and Dutr{\'e}, Philip},
  journal={IEEE Transactions on Visualization and Computer Graphics},
  volume={17},
  number={8},
  pages={1096--1107},
  year={2011},
  publisher={IEEE}
}

@article{li2011geometry,
  title={Geometry synthesis on surfaces using field-guided shape grammars},
  author={Li, Yuanyuan and Bao, Fan and Zhang, Eugene and Kobayashi, Yoshihiro and Wonka, Peter},
  journal={Visualization and Computer Graphics, IEEE Transactions on},
  volume={17},
  number={2},
  pages={231--243},
  year={2011},
  publisher={IEEE}
}

@inproceedings{ma2011discrete,
  title={Discrete element textures},
  author={Ma, Chongyang and Wei, Li-Yi and Tong, Xin},
  booktitle={ACM Transactions on Graphics (TOG)},
  volume={30},
  number={4},
  pages={62},
  year={2011},
  organization={ACM}
}

@inproceedings{wang2011multiscale,
	title={Multiscale vector volumes},
	author={Wang, Lvdi and Yu, Yizhou and Zhou, Kun and Guo, Baining},
	booktitle={ACM Transactions on Graphics (TOG)},
	volume={30},
	number={6},
	pages={167},
	year={2011},
	organization={ACM}
}

@inproceedings{xu2011image,
  title={Image smoothing via L 0 gradient minimization},
  author={Xu, Li and Lu, Cewu and Xu, Yi and Jia, Jiaya},
  booktitle={ACM Transactions on Graphics (TOG)},
  volume={30},
  number={6},
  pages={174},
  year={2011},
  organization={ACM}
}

@article{zhang2011sketch,
  title={Sketch guided solid texturing},
  author={Zhang, Guo-Xin and Du, Song-Pei and Lai, Yu-Kun and Ni, Tianyun and Hu, Shi-Min},
  journal={Graphical Models},
  volume={73},
  number={3},
  pages={59--73},
  year={2011},
  publisher={Elsevier}
}

@article{achanta2012slic,
	title={SLIC superpixels compared to state-of-the-art superpixel methods},
	author={Achanta, Radhakrishna and Shaji, Appu and Smith, Kevin and Lucchi, Aurelien and Fua, Pascal and S{\"u}sstrunk, Sabine},
	journal={IEEE transactions on pattern analysis and machine intelligence},
	volume={34},
	number={11},
	pages={2274--2282},
	year={2012},
	publisher={IEEE}
}

@article{assa2012more,
  title={More of the same: Synthesizing a variety by structural layering},
  author={Assa, Jackie and Cohen-Or, Daniel},
  journal={Computers \& Graphics},
  volume={36},
  number={4},
  pages={250--256},
  year={2012},
  publisher={Elsevier}
}

@article{galerne2012gabor,
  title={Gabor noise by example},
  author={Galerne, Bruno and Lagae, Ares and Lefebvre, Sylvain and Drettakis, George},
  journal={ACM Transactions on Graphics (TOG)},
  volume={31},
  number={4},
  pages={73},
  year={2012},
  publisher={ACM}
}

@article{gilet2012multiple,
  title={Multiple kernels noise for improved procedural texturing},
  author={Gilet, Guillaume and Dischler, Jean-Michel and Ghazanfarpour, Djamchid},
  journal={The Visual Computer},
  volume={28},
  number={6-8},
  pages={679--689},
  year={2012},
  publisher={Springer}
}

@article{bradley2013image,
  title={Image-based reconstruction and synthesis of dense foliage},
  author={Bradley, Derek and Nowrouzezahrai, Derek and Beardsley, Paul},
  journal={ACM Transactions on Graphics (TOG)},
  volume={32},
  number={4},
  pages={74},
  year={2013},
  publisher={ACM}
}

@inproceedings{chen2013simple,
  title={Simple and efficient example-based texture synthesis using tiling and deformation},
  author={Chen, Kan and Johan, Henry and Mueller-Wittig, Wolfgang},
  booktitle={Proceedings of the ACM SIGGRAPH Symposium on Interactive 3D Graphics and Games},
  pages={145--152},
  year={2013},
  organization={ACM}
}

@article{du2013semiregular,
  title={Semiregular solid texturing from 2d image exemplars},
  author={Du, Song-Pei and Hu, Shi-Min and Martin, Ralph R},
  journal={Visualization and Computer Graphics, IEEE Transactions on},
  volume={19},
  number={3},
  pages={460--469},
  year={2013},
  publisher={IEEE}
}

@inproceedings{heitz2013filtering,
  title={Filtering color mapped textures and surfaces},
  author={Heitz, Eric and Nowrouzezahrai, Derek and Poulin, Pierre and Neyret, Fabrice},
  booktitle={Proceedings of the ACM SIGGRAPH Symposium on Interactive 3D Graphics and Games},
  pages={129--136},
  year={2013},
  organization={ACM}
}

@inproceedings{landes2013shape,
  title={A Shape-Aware Model for Discrete Texture Synthesis},
  author={Landes, Pierre-Edouard and Galerne, Bruno and Hurtut, Thomas},
  booktitle={Computer Graphics Forum},
  volume={32},
  number={4},
  pages={67--76},
  year={2013},
  organization={Wiley Online Library}
}

@article{ma2013dynamic,
  title={Dynamic element textures},
  author={Ma, Chongyang and Wei, Li-Yi and Lefebvre, Sylvain and Tong, Xin},
  journal={ACM Transactions on Graphics (TOG)},
  volume={32},
  number={4},
  pages={90},
  year={2013},
  publisher={ACM}
}

@article{orzan2013diffusion,
	title={Diffusion curves: a vector representation for smooth-shaded images},
	author={Orzan, Alexandrina and Bousseau, Adrien and Barla, Pascal and Winnem{\"o}ller, Holger and Thollot, Jo{\"e}lle and Salesin, David},
	journal={Communications of the ACM},
	volume={56},
	number={7},
	pages={101--108},
	year={2013},
	publisher={ACM}
}

@inproceedings{ruiters2013example,
  title={Example-based Interpolation and Synthesis of Bidirectional Texture Functions},
  author={Ruiters, Roland and Schwartz, Christopher and Klein, Reinhard},
  booktitle={Computer Graphics Forum},
  volume={32},
  number={2pt3},
  pages={361--370},
  year={2013},
  organization={Wiley Online Library}
}

@inproceedings{sheng2013parallel,
  title={Parallel iso/aniso-scale surface texturing guided in Gabor space},
  author={Sheng, Bin and Sun, Hanqiu and Wu, Yubao and Thalmann, Daniel},
  booktitle={SIGGRAPH Asia 2013 Technical Briefs},
  pages={7},
  year={2013},
  organization={ACM}
}

@inproceedings{wang2013just,
  title={Just-in-Time Texture Synthesis},
  author={Wang, Lili and Shi, Yulong and Chen, Yi and Popescu, Voicu},
  booktitle={Computer Graphics Forum},
  volume={32},
  number={1},
  pages={126--138},
  year={2013},
  organization={Wiley Online Library}
}

@article{yang2013urban,
  title={Urban pattern: layout design by hierarchical domain splitting},
  author={Yang, Yong-Liang and Wang, Jun and Vouga, Etienne and Wonka, Peter},
  journal={ACM Transactions on Graphics (TOG)},
  volume={32},
  number={6},
  pages={181},
  year={2013},
  publisher={ACM}
}

@article{zhang2013efficient,
	title={Efficient synthesis of gradient solid textures},
	author={Zhang, Guo-Xin and Lai, Yu-Kun and Hu, Shi-Min},
	journal={Graphical Models},
	volume={75},
	number={3},
	pages={104--117},
	year={2013},
	publisher={Elsevier}
}

@inproceedings{zhou2013example,
  title={By--example synthesis of curvilinear structured patterns},
  author={Zhou, Shizhe and Lasram, Anass and Lefebvre, Sylvain},
  booktitle={Computer Graphics Forum},
  volume={32},
  number={2pt3},
  pages={355--360},
  year={2013},
  organization={Wiley Online Library}
}

@inproceedings{galerne2014texton,
  title={A texton for fast and flexible Gaussian texture synthesis},
  author={Galerne, Bruno and Leclaire, Arthur and Moisan, Lionel},
  booktitle={Signal Processing Conference (EUSIPCO), 2014 Proceedings of the 22nd European},
  pages={1686--1690},
  year={2014},
  organization={IEEE}
}

@article{gilet2014local,
  title={Local random-phase noise for procedural texturing},
  author={Gilet, Guillaume and Sauvage, Basile and Vanhoey, Kenneth and Dischler, Jean-Michel and Ghazanfarpour, Djamchid},
  journal={ACM Transactions on Graphics (TOG)},
  volume={33},
  number={6},
  pages={195},
  year={2014},
  publisher={ACM}
}

@article{ijiri2014flower,
  title={Flower modeling via x-ray computed tomography},
  author={Ijiri, Takashi and Yoshizawa, Shin and Yokota, Hideo and Igarashi, Takeo},
  journal={ACM Transactions on Graphics (TOG)},
  volume={33},
  number={4},
  pages={48},
  year={2014},
  publisher={ACM}
}

@article{pirk2014windy,
  title={Windy trees: Computing stress response for developmental tree models},
  author={Pirk, S{\"o}ren and Niese, Till and H{\"a}drich, Torsten and Benes, Bedrich and Deussen, Oliver},
  journal={ACM Transactions on Graphics},
  volume={33},
  number={6},
  year={2014}
}

@article{shu2014efficient,
  title={Efficient texture synthesis of aggregate solid material},
  author={Shu, Yue and Qian, Yinling and Sun, Hanqiu and Chen, Yanyun},
  journal={The Visual Computer},
  volume={30},
  number={6-8},
  pages={877--887},
  year={2014},
  publisher={Springer}
}

@inproceedings{smelik2014survey,
  title={A survey on procedural modelling for virtual worlds},
  author={Smelik, Ruben M and Tutenel, Tim and Bidarra, Rafael and Benes, Bedrich},
  booktitle={Computer Graphics Forum},
  volume={33},
  number={6},
  pages={31--50},
  year={2014},
  organization={Wiley Online Library}
}

@article{wu2014optimized,
  title={Optimized synthesis of art patterns and layered textures},
  author={Wu, Ruobing and Wang, Wenping and Yu, Yizhou},
  journal={Visualization and Computer Graphics, IEEE Transactions on},
  volume={20},
  number={3},
  pages={436--446},
  year={2014},
  publisher={IEEE}
}

@inproceedings{zhang2014data,
  title={Data-driven flower petal modeling with botany priors},
  author={Zhang, Chenxi and Ye, Mao and Fu, Bo and Yang, Ruigang},
  booktitle={Computer Vision and Pattern Recognition (CVPR), 2014 IEEE Conference on},
  pages={636--643},
  year={2014},
  organization={IEEE}
}

@article{akl2015texture,
  title={Texture Synthesis Using the Structure Tensor},
  author={Akl, Adib and Yaacoub, Charles and Donias, Marc and Da Costa, Jean-Pierre and Germain, Christian},
  journal={IEEE Transactions on Image Processing},
  volume={24},
  number={11},
  pages={4082--4095},
  year={2015},
  publisher={IEEE}
}

@inproceedings{kaspar2015self,
  title={Self tuning texture optimization},
  author={Kaspar, Alexandre and Neubert, Boris and Lischinski, Dani and Pauly, Mark and Kopf, Johannes},
  booktitle={Computer Graphics Forum},
  volume={34},
  number={2},
  pages={349--359},
  year={2015},
  organization={Wiley Online Library}
}

@inproceedings{qian2015vector,
	title={Vector solid texture synthesis using two-scale shaping model},
	author={Qian, Yinling and Shu, Yue and Sun, Hanqiu and Chen, Yanyun},
	booktitle={Proceedings of the 21st ACM Symposium on Virtual Reality Software and Technology},
	pages={27--36},
	year={2015},
	organization={ACM}
}

@unpublished{galerne2016texton,
  TITLE = {{Texton Noise}},
  AUTHOR = {Galerne, Bruno and Leclaire, Arthur and Moisan, Lionel},
  URL = {https://hal.archives-ouvertes.fr/hal-01299336},
  NOTE = {working paper or preprint},
  HAL_LOCAL_REFERENCE = {MAP5 2016-09},
  YEAR = {2016},
  MONTH = Mar,
  KEYWORDS = {procedural noise ;  noise by example ;  texton ;  Gaussian texture ;  antialiasing ;  noise mixing},
  PDF = {https://hal.archives-ouvertes.fr/hal-01299336/file/texton_noise_cgf.pdf},
  HAL_ID = {hal-01299336},
  HAL_VERSION = {v1},
}

@article{liu2016texture,
  title={Texture Synthesis Through Convolutional Neural Networks and Spectrum Constraints},
  author={Liu, Gang and Goussau, Yann and Xia, Gui-Song},
  journal={arXiv preprint arXiv:1605.01141},
  year={2016}
}

@article{lockerman2016multi,
  title={Multi-scale label-map extraction for texture synthesis},
  author={Lockerman, Yitzchak David and Sauvage, Basile and All{\`e}gre, R{\'e}mi and Dischler, Jean-Michel and Dorsey, Julie and Rushmeier, Holly},
  journal={ACM Transactions on Graphics (SIGGRAPH'16 Tech. Papers)},
  volume={35},
  number={4},
  pages={140},
  year={2016}
}

@inproceedings{palacios2016tensor,
	title={Tensor field design in volumes},
	author={Palacios, Jonathan and Ma, Chongyang and Chen, Weikai and Wei, Li-Yi and Zhang, Eugene},
	booktitle={SIGGRAPH ASIA 2016 Technical Briefs},
	pages={18},
	year={2016},
	organization={ACM}
}

@article{GLM_2017texton_noise,
author = {Galerne, B. and Leclaire, A. and Moisan, L.},
title = {Texton Noise},
journal = {Computer Graphics Forum},
issn = {1467-8659},
url = {http://dx.doi.org/10.1111/cgf.13073},
doi = {10.1111/cgf.13073},
pages = {n/a--n/a},
year = {2017},
}